[gd_scene load_steps=11 format=2]

[ext_resource path="res://src/GUI/GUI.gd" type="Script" id=1]
[ext_resource path="res://ui_panel.png" type="Texture" id=2]
[ext_resource path="res://scenes/GUI/AbilityDock.tscn" type="PackedScene" id=3]
[ext_resource path="res://src/GUI/BattleUI.gd" type="Script" id=4]
[ext_resource path="res://scenes/GUI/SelectedUnitInfo.tscn" type="PackedScene" id=5]
[ext_resource path="res://scenes/GUI/WorldInspector.tscn" type="PackedScene" id=8]
[ext_resource path="res://src/slot/SlotListener.gd" type="Script" id=9]
[ext_resource path="res://scenes/GUI/Tooltip.tscn" type="PackedScene" id=10]
[ext_resource path="res://scenes/GUI/Conversation/ConversationUI.tscn" type="PackedScene" id=11]
[ext_resource path="res://src/battle/BattleListener.gd" type="Script" id=12]

[node name="GUI" type="Control"]
anchor_bottom = 1.0
margin_right = 1920.0
size_flags_horizontal = 0
size_flags_vertical = 0
script = ExtResource( 1 )
__meta__ = {
"_edit_use_anchors_": false
}

[node name="PartyDisplay" type="Control" parent="."]
visible = false
margin_right = 40.0
margin_bottom = 40.0

[node name="TextureRect" type="TextureRect" parent="PartyDisplay"]
margin_left = 42.2959
margin_top = 35.789
margin_right = 222.296
margin_bottom = 215.789
rect_scale = Vector2( 0.736598, 0.863862 )
texture = ExtResource( 2 )

[node name="TextureRect2" type="TextureRect" parent="PartyDisplay"]
margin_left = 39.0424
margin_top = 221.241
margin_right = 219.042
margin_bottom = 401.241
rect_scale = Vector2( 0.736598, 0.863862 )
texture = ExtResource( 2 )

[node name="TextureRect3" type="TextureRect" parent="PartyDisplay"]
margin_left = 39.042
margin_top = 400.0
margin_right = 219.042
margin_bottom = 580.0
rect_scale = Vector2( 0.736598, 0.863862 )
texture = ExtResource( 2 )

[node name="TextureRect4" type="TextureRect" parent="PartyDisplay"]
margin_left = 39.042
margin_top = 600.0
margin_right = 219.042
margin_bottom = 780.0
rect_scale = Vector2( 0.736598, 0.863862 )
texture = ExtResource( 2 )

[node name="TextureRect5" type="TextureRect" parent="PartyDisplay"]
margin_left = 39.042
margin_top = 800.0
margin_right = 219.042
margin_bottom = 980.0
rect_scale = Vector2( 0.736598, 0.863862 )
texture = ExtResource( 2 )

[node name="AbilityDock" parent="." instance=ExtResource( 3 )]
margin_left = 528.0
margin_top = 903.0
margin_right = 1444.0
margin_bottom = 1083.0

[node name="BattleUI" type="Control" parent="."]
margin_right = 40.0
margin_bottom = 40.0
script = ExtResource( 4 )
__meta__ = {
"_edit_use_anchors_": false
}

[node name="PlayerInfo" parent="BattleUI" instance=ExtResource( 5 )]

[node name="TargetInfo" parent="BattleUI" instance=ExtResource( 5 )]
margin_left = 1610.79
margin_top = 891.615
margin_right = 1880.79
margin_bottom = 1045.61

[node name="SlotListener" type="Node2D" parent="BattleUI"]
script = ExtResource( 9 )

[node name="BattleListener" type="Node2D" parent="BattleUI"]
script = ExtResource( 12 )

[node name="WorldInspector" parent="." instance=ExtResource( 8 )]

[node name="Tooltip" parent="." instance=ExtResource( 10 )]
margin_left = 659.0
margin_top = 598.0
margin_right = 659.0
margin_bottom = 598.0

[node name="ConversationUI" parent="." instance=ExtResource( 11 )]

[node name="SlotListener" type="Node2D" parent="."]
script = ExtResource( 9 )

[node name="BattleListener" type="Node2D" parent="."]
script = ExtResource( 12 )
